@article{pearlmutter2008reverse,
  title={Reverse-mode {AD} in a functional framework: {L}ambda the ultimate backpropagator},
  author={Pearlmutter, Barak A and Siskind, Jeffrey Mark},
  journal={ACM Transactions on Programming Languages and Systems (TOPLAS)},
  volume={30},
  number={2},
  pages={7},
  year={2008},
  publisher={ACM}
}

@article{DBLP:journals_corr_BaydinPR15,
  author    = {Atilim Gunes Baydin and
               Barak A. Pearlmutter and
               Alexey Andreyevich Radul},
  title     = {Automatic differentiation in machine learning: a survey},
  journal   = {CoRR},
  volume    = {abs/1502.05767},
  year      = {2015},
  url       = {http://arxiv.org/abs/1502.05767},
  archivePrefix = {arXiv},
  eprint    = {1502.05767},
  timestamp = {Mon, 13 Aug 2018 16:48:36 +0200},
  biburl    = {https://dblp.org/rec/bib/journals/corr/BaydinPR15},
  bibsource = {dblp computer science bibliography, https://dblp.org}
}

@article{Elliott:2018:SEA:3243631.3236765,
 author = {Elliott, Conal},
 title = {The Simple Essence of Automatic Differentiation},
 journal = {Proc. ACM Program. Lang.},
 issue_date = {September 2018},
 volume = {2},
 number = {ICFP},
 month = jul,
 year = {2018},
 issn = {2475-1421},
 pages = {70:1--70:29},
 articleno = {70},
 numpages = {29},
 url = {http://doi.acm.org/10.1145/3236765},
 doi = {10.1145/3236765},
 acmid = {3236765},
 publisher = {ACM},
 address = {New York, NY, USA},
 keywords = {automatic differentiation, category theory, program calculation},
}



@article{DBLP:journals_corr_abs-1810-11530,
  author    = {Bart van Merri{\"{e}}nboer and
               Olivier Breuleux and
               Arnaud Bergeron and
               Pascal Lamblin},
  title     = {Automatic differentiation in {ML:} Where we are and where we should
               be going},
  journal   = {CoRR},
  volume    = {abs/1810.11530},
  year      = {2018},
  url       = {http://arxiv.org/abs/1810.11530},
  archivePrefix = {arXiv},
  eprint    = {1810.11530},
  timestamp = {Wed, 31 Oct 2018 14:24:29 +0100},
  biburl    = {https://dblp.org/rec/bib/journals/corr/abs-1810-11530},
  bibsource = {dblp computer science bibliography, https://dblp.org}
}

@article{DBLP:journals_corr_BaydinPS15,
  author    = {Atilim Gunes Baydin and
               Barak A. Pearlmutter and
               Jeffrey Mark Siskind},
  title     = {DiffSharp: Automatic Differentiation Library},
  journal   = {CoRR},
  volume    = {abs/1511.07727},
  year      = {2015},
  url       = {http://arxiv.org/abs/1511.07727},
  archivePrefix = {arXiv},
  eprint    = {1511.07727},
  timestamp = {Mon, 13 Aug 2018 16:47:52 +0200},
  biburl    = {https://dblp.org/rec/bib/journals/corr/BaydinPS15},
  bibsource = {dblp computer science bibliography, https://dblp.org}
}

@article{pearlmutter2008using,
  title={Using programming language theory to make automatic differentiation sound and efficient},
  author={Pearlmutter, Barak A and Siskind, Jeffrey Mark},
  booktitle={Advances in Automatic Differentiation},
  pages={79--90},
  year={2008},
  publisher={Springer}
}

@article{swift,
  title={First-Class Automatic Differentiation in {S}wift: A Manifesto},
  author={Wei, Richard},
  year={2018},
  url = {https://gist.github.com/rxwei/30ba75ce092ab3b0dce4bde1fc2c9f1d}
}

@online{cojac,
  title = 	 {COJAC - Boosting arithmetic capabilities of Java numbers},
  author =	 { Monnard, Romain },
  year =	 2019,
  url =	 {https://github.com/Cojac/Cojac}
}

@article{DBLP:journals_corr_abs-1803-10228,
  author    = {Fei Wang and
               Xilun Wu and
               Gr{\'{e}}gory M. Essertel and
               James M. Decker and
               Tiark Rompf},
  title     = {Demystifying Differentiable Programming: Shift/Reset the Penultimate
               Backpropagator},
  journal   = {CoRR},
  volume    = {abs/1803.10228},
  year      = {2018},
  url       = {http://arxiv.org/abs/1803.10228},
  archivePrefix = {arXiv},
  eprint    = {1803.10228},
  timestamp = {Mon, 13 Aug 2018 16:47:21 +0200},
  biburl    = {https://dblp.org/rec/bib/journals/corr/abs-1803-10228},
  bibsource = {dblp computer science bibliography, https://dblp.org}
}

@online{dl4j,
      title  = "Deeplearning4j: Open-source, distributed deep learning for the JVM",
      url    = {http://deeplearning4j.org/},
      year   = "2019 (accessed January 1, 2019)"
}

@inproceedings{gil2016formal,
  title={Formal language recognition with the Java type checker},
  author={Gil, Yossi and Levy, Tomer},
  booktitle={LIPIcs-Leibniz International Proceedings in Informatics},
  volume={56},
  year={2016},
  organization={Schloss Dagstuhl-Leibniz-Zentrum fuer Informatik}
}

@inproceedings{chen2017typesafe,
 author = {Chen, Tongfei},
 title = {Typesafe Abstractions for Tensor Operations (Short Paper)},
 booktitle = {Proceedings of the 8th ACM SIGPLAN International Symposium on Scala},
 series = {SCALA 2017},
 year = {2017},
 pages = {45--50},
 url = {http://doi.acm.org/10.1145/3136000.3136001},
 doi = {10.1145/3136000.3136001}
}

@article{dl4s,
  title = 	 {Deep{L}earning.scala: A simple library for creating complex neural networks},
  author =	 {Bo, Yang},
  year =	 2018,
  url =	 {https://github.com/ThoughtWorksInc/DeepLearning.scala}
}

@inproceedings{Grigore:2017:JGT:3009837.3009871,
 author = {Grigore, Radu},
 title = {Java Generics Are {T}uring {C}omplete},
 booktitle = {Proceedings of the 44th ACM SIGPLAN Symposium on Principles of Programming Languages},
 series = {POPL 2017},
 year = {2017},
 isbn = {978-1-4503-4660-3},
 location = {Paris, France},
 pages = {73--85},
 numpages = {13},
 url = {http://doi.acm.org/10.1145/3009837.3009871},
 doi = {10.1145/3009837.3009871},
 acmid = {3009871},
 publisher = {ACM},
 address = {New York, NY, USA},
 keywords = {Java, Turing machine, decidability, fluent interface, parser generator, subtype checking},
} 