@article{pearlmutter2008reverse,
    title = {Reverse-mode { AD } in a functional framework: {L}ambda the ultimate backpropagator},
    author = {Pearlmutter, Barak A and Siskind, Jeffrey Mark},
    journal = {ACM Transactions on Programming Languages and Systems (TOPLAS)},
    volume = {30},
    number = {2},
    pages = {7},
    year = {2008},
    publisher = {ACM}
}

@article{baydin-survey,
    author = {Atilim Gunes Baydin and
 Barak A. Pearlmutter and
 Alexey Andreyevich Radul},
    title = {Automatic differentiation in machine learning: a survey},
    journal = {CoRR},
    volume = {abs/1502.05767},
    year = {2015},
    url = {http://arxiv.org/abs/1502.05767},
    archivePrefix = {arXiv},
    eprint = {1502.05767},
    timestamp = {Mon, 13 Aug 2018 16:48:36 +0200},
    biburl = {https://dblp.org/rec/bib/journals/corr/BaydinPR15},
    bibsource = {dblp computer science bibliography, https://dblp.org}
}

@article{Elliott:2018:SEA:3243631.3236765,
    author = {Elliott, Conal},
    title = {The Simple Essence of Automatic Differentiation},
    journal = {Proc. ACM Program. Lang.},
    issue_date = {September 2018},
    volume = {2},
    number = {ICFP},
    month = jul,
    year = {2018},
    issn = {2475-1421},
    pages = {70:1--70:29},
    articleno = {70},
    numpages = {29},
    url = {http://doi.acm.org/10.1145/3236765},
    doi = {10.1145/3236765},
    acmid = {3236765},
    publisher = {ACM},
    address = {New York, NY, USA},
    keywords = {automatic differentiation, category theory, program calculation},
}

@article{DBLP:journals-corr-abs-1810-11530,
    author = {Bart van Merri{ \" { e } }nboer and
 Olivier Breuleux and
 Arnaud Bergeron and
 Pascal Lamblin},
    title = {Automatic differentiation in { ML: } Where we are and where we should
 be going},
    journal = {CoRR},
    volume = {abs/1810.11530},
    year = {2018},
    url = {http://arxiv.org/abs/1810.11530},
    archivePrefix = {arXiv},
    eprint = {1810.11530},
    timestamp = {Wed, 31 Oct 2018 14:24:29 +0100},
    biburl = {https://dblp.org/rec/bib/journals/corr/abs-1810-11530},
    bibsource = {dblp computer science bibliography, https://dblp.org}
}

@article{baydin-diffsharp,
    author = {Atilim Gunes Baydin and
 Barak A. Pearlmutter and
 Jeffrey Mark Siskind},
    title = {Diff{S}harp: Automatic Differentiation Library},
    journal = {CoRR},
    volume = {abs/1511.07727},
    year = {2015},
    url = {http://arxiv.org/abs/1511.07727},
    archivePrefix = {arXiv},
    eprint = {1511.07727},
    timestamp = {Mon, 13 Aug 2018 16:47:52 +0200},
    biburl = {https://dblp.org/rec/bib/journals/corr/BaydinPS15},
    bibsource = {dblp computer science bibliography, https://dblp.org}
}

@article{pearlmutter2008using,
    title = {Using programming language theory to make automatic differentiation sound and efficient},
    author = {Pearlmutter, Barak A and Siskind, Jeffrey Mark},
    booktitle = {Advances in Automatic Differentiation},
    pages = {79--90},
    year = {2008},
    publisher = {Springer}
}

@article{swift,
    title = {Swift for {T}ensor{F}low},
    author = {Lattner, Chris and Wei, Richard},
    year = {2018},
    url = {https://github.com/tensorflow/swift}
}

@online{cojac,
    title = {{COJAC} - Boosting arithmetic capabilities of Java numbers},
    author = { Monnard, Romain },
    year = 2019,
    url = {https://github.com/Cojac/Cojac}
}

@article{wang2018demystifying,
    author = {Fei Wang and
 Xilun Wu and
 Gregory M. Essertel and
 James M. Decker and
 Tiark Rompf},
    title = {Demystifying Differentiable Programming: Shift/Reset the Penultimate
 Backpropagator},
    journal = {CoRR},
    volume = {abs/1803.10228},
    year = {2018},
    url = {http://arxiv.org/abs/1803.10228},
    archivePrefix = {arXiv},
    eprint = {1803.10228},
    timestamp = {Mon, 13 Aug 2018 16:47:21 +0200},
    biburl = {https://dblp.org/rec/bib/journals/corr/abs-1803-10228},
    bibsource = {dblp computer science bibliography, https://dblp.org}
}

@online{dl4j,
    title = "Deeplearning4j: Open-source, distributed deep learning for the JVM",
    url = {http://deeplearning4j.org/},
    year = "2019 (accessed January 1, 2019)"
}

@article{gil2016formal,
    title = {Formal language recognition with the {J}ava type checker},
    author = {Gil, Yossi and Levy, Tomer},
    booktitle = {LIPIcs-Leibniz International Proceedings in Informatics},
    volume = {56},
    year = {2016},
    organization = {Schloss Dagstuhl-Leibniz-Zentrum fuer Informatik}
}

@article{chen2017typesafe,
    author = {Chen, Tongfei},
    title = {Typesafe Abstractions for Tensor Operations (Short Paper)},
    booktitle = {Proceedings of the 8th ACM SIGPLAN International Symposium on Scala},
    series = {SCALA 2017},
    year = {2017},
    pages = {45--50},
    url = {http://doi.acm.org/10.1145/3136000.3136001},
    doi = {10.1145/3136000.3136001}
}

@article{dl4s,
    title = {Deep {L}earning.scala: A simple library for creating complex neural networks},
    author = {Bo, Yang},
    year = 2018,
    url = {https://github.com/ThoughtWorksInc/DeepLearning.scala}
}

@article{Grigore:2017:JGT:3009837.3009871,
    author = {Grigore, Radu},
    title = {Java Generics Are {T}uring {C}omplete},
    booktitle = {Proceedings of the 44th ACM SIGPLAN Symposium on Principles of Programming Languages},
    series = {POPL 2017},
    year = {2017},
    isbn = {978-1-4503-4660-3},
    location = {Paris, France},
    pages = {73--85},
    numpages = {13},
    url = {http://doi.acm.org/10.1145/3009837.3009871},
    doi = {10.1145/3009837.3009871},
    acmid = {3009871},
    publisher = {ACM},
    address = {New York, NY, USA},
    keywords = {Java, Turing machine, decidability, fluent interface, parser generator, subtype checking},
}

@article{github,
    author = {Ray, Baishakhi and Posnett, Daryl and Devanbu, Premkumar and Filkov, Vladimir},
    title = {A Large-scale Study of Programming Languages and Code Quality in {G}it{H}ub},
    journal = {Commun. ACM},
    issue_date = {October 2017},
    volume = {60},
    number = {10},
    month = sep,
    year = {2017},
    issn = {0001-0782},
    pages = {91--100},
    numpages = {10},
    url = {http://doi.acm.org/10.1145/3126905},
    doi = {10.1145/3126905},
    acmid = {3126905},
    publisher = {ACM},
    address = {New York, NY, USA}
}

@inproceedings{gao2017type,
    title = {To type or not to type: quantifying detectable bugs in {J}ava{S}cript},
    author = {Gao, Zheng and Bird, Christian and Barr, Earl T},
    booktitle = {Proceedings of the 39th International Conference on Software Engineering},
    pages = {758--769},
    year = {2017},
    organization = {IEEE Press}
}

@article{fink1997property,
    title = {Property-based testing: a new approach to testing for assurance},
    author = {Fink, George and Bishop, Matt},
    journal = {ACM SIGSOFT Software Engineering Notes},
    volume = {22},
    number = {4},
    pages = {74--80},
    year = {1997},
    publisher = {Citeseer}
}

@incollection{white2017ros-docker,
    title = {{ROS} and {D}ocker},
    author = {White, Ruffin and Christensen, Henrik},
    booktitle = {Robot Operating System (ROS)},
    pages = {285--307},
    year = {2017},
    publisher = {Springer}
}

@article{merkel2014docker,
    title = {Docker: lightweight linux containers for consistent development and deployment},
    author = {Merkel, Dirk},
    journal = {Linux Journal},
    volume = {2014},
    number = {239},
    pages = {2},
    year = {2014},
    publisher = {Belltown Media}
}

@misc{Areserio54:online,
    author = {Guenther, Martin},
    title = {Are serious things done with {ROS} in {P}ython?},
    url = "https://discourse.ros.org/t/are-serious-things-done-with-ros-in-python/4359/6",
    year = {2018},
    note = {(Accessed on 04/12/2019)}
}

@article{buniy2005hilbert,
    title = {Is {H}ilbert space discrete?},
    author = {Buniy, Roman V and Hsu, Stephen DH and Zee, Anthony},
    journal = {Physics Letters B},
    volume = {630},
    number = {1-2},
    pages = {68--72},
    year = {2005},
    publisher = {Elsevier}
}

@article{hornik1989multilayer,
    title = {Multilayer feedforward networks are universal approximators},
    author = {Hornik, Kurt and Stinchcombe, Maxwell and White, Halbert},
    journal = {Neural networks},
    volume = {2},
    number = {5},
    pages = {359--366},
    year = {1989},
    publisher = {Elsevier}
}

@article{harrison2006eating,
    title = {Eating your own dog food},
    author = {Harrison, Warren},
    journal = {IEEE Software},
    volume = {23},
    number = {3},
    pages = {5--7},
    year = {2006},
    publisher = {IEEE}
}

@article{shannon1950xxii,
    title = {Programming a computer for playing chess},
    author = {Shannon, Claude E},
    journal = {The London, Edinburgh, and Dublin Philosophical Magazine and Journal of Science},
    volume = {41},
    number = {314},
    pages = {256--275},
    year = {1950},
    publisher = {Taylor \& Francis}
}

@article{kalra2016driving,
    title = {Driving to safety: How many miles of driving would it take to demonstrate autonomous vehicle reliability?},
    author = {Kalra, Nidhi and Paddock, Susan M},
    journal = {Transportation Research Part A: Policy and Practice},
    volume = {94},
    pages = {182--193},
    year = {2016},
    publisher = {Elsevier}
}

@inproceedings{nozik2019acat,
    author = "Nozik, Alexander",
    title = {Kotlin - new language for scientific programming},
    month = {Mar},
    year = {2019},
    booktitle = {Proceedings of 19th International Workshop on Advanced Computing and Analysis Techniques in Physics Research},
    url = {https://indico.cern.ch/event/708041/contributions/3276141/}
}

@article{wolpert1997no,
    title={No free lunch theorems for optimization},
    author={Wolpert, David H and Macready, William G and others},
    journal={IEEE transactions on evolutionary computation},
    volume={1},
    number={1},
    pages={67--82},
    year={1997}
}

@inproceedings{menage2007adding,
    title={Adding generic process containers to the linux kernel},
    author={Menage, Paul B},
    booktitle={Proceedings of the Linux symposium},
    volume={2},
    pages={45--57},
    year={2007},
    organization={Citeseer}
}

@inproceedings{wang2018backpropagation,
    title={Backpropagation with Callbacks: Foundations for Efficient and Expressive Differentiable Programming},
    author={Wang, Fei and Decker, James and Wu, Xilun and Essertel, Gregory and Rompf, Tiark},
    booktitle={Advances in Neural Information Processing Systems},
    pages={10180--10191},
    year={2018}
}

@article{alquraishi2018end,
    title={End-to-end differentiable learning of protein structure},
    author={AlQuraishi, Mohammed},
    journal={Available at SSRN 3239970},
    year={2018}
}

@inproceedings{de2018end,
    title={End-to-end differentiable physics for learning and control},
    author={de Avila Belbute-Peres, Filipe and Smith, Kevin and Allen, Kelsey and Tenenbaum, Josh and Kolter, J Zico},
    booktitle={Advances in Neural Information Processing Systems},
    pages={7178--7189},
    year={2018}
}

@article{DBLP:journals_corr_DegraveHDW16,
author    = {Jonas Degrave and Michiel Hermans and Joni Dambre and Francis Wyffels},
title     = {A Differentiable Physics Engine for Deep Learning in Robotics},
journal   = {CoRR},
volume    = {abs/1611.01652},
year      = {2016},
url       = {http://arxiv.org/abs/1611.01652},
archivePrefix = {arXiv},
eprint    = {1611.01652},
timestamp = {Mon, 13 Aug 2018 16:48:13 +0200},
biburl    = {https://dblp.org/rec/bib/journals/corr/DegraveHDW16},
bibsource = {dblp computer science bibliography, https://dblp.org}
}
@inproceedings{loper2014opendr,
    title={Open{DR}: An approximate differentiable renderer},
    author={Loper, Matthew M and Black, Michael J},
    booktitle={European Conference on Computer Vision},
    pages={154--169},
    year={2014},
    organization={Springer}
}

@article{liu2018darts,
    title={{DARTS}: Differentiable architecture search},
    author={Liu, Hanxiao and Simonyan, Karen and Yang, Yiming},
    journal={arXiv preprint arXiv:1806.09055},
    year={2018}
}

@inproceedings{pennington2014glove,
    title={Glo{V}e: Global vectors for word representation},
    author={Pennington, Jeffrey and Socher, Richard and Manning, Christopher},
    booktitle={Proceedings of the 2014 conference on empirical methods in natural language processing (EMNLP)},
    pages={1532--1543},
    year={2014}
}

@misc{fowler05fluent,
    author = "Fowler, M.",
    title = "Fluent Interface",
    year = "2005",
    url = "http://martinfowler.com/bliki/FluentInterface.html",
}

@inproceedings{meijer2006linq,
    title={{LINQ}: reconciling object, relations and {XML} in the .{NET} framework},
    author={Meijer, Erik and Beckman, Brian and Bierman, Gavin},
    booktitle={Proceedings of the 2006 ACM SIGMOD international conference on Management of data},
    pages={706--706},
    year={2006},
    organization={ACM}
}

@inproceedings{rompf2010lightweight,
    title={Lightweight modular staging: a pragmatic approach to runtime code generation and compiled DSLs},
    author={Rompf, Tiark and Odersky, Martin},
    booktitle={Acm Sigplan Notices},
    volume={46},
    number={2},
    pages={127--136},
    year={2010},
    organization={ACM}
}

@article{elliott2003compiling,
    title={Compiling embedded languages},
    author={Elliott, Conal and Finne, Sigbj{\o}rn and De Moor, Oege},
    journal={Journal of functional programming},
    volume={13},
    number={3},
    pages={455--481},
    year={2003},
    publisher={Cambridge University Press}
}

@article{elliott2018simple,
    title={The simple essence of automatic differentiation},
    author={Elliott, Conal},
    journal={Proceedings of the ACM on Programming Languages},
    volume={2},
    number={ICFP},
    pages={70},
    year={2018},
    publisher={ACM}
}

@article{wei2017dlvm,
    title={{DLVM}: A modern compiler infrastructure for deep learning systems},
    author={Wei, Richard and Schwartz, Lane and Adve, Vikram},
    journal={arXiv preprint arXiv:1711.03016},
    year={2017}
}


@inproceedings{sujeeth2011optiml,
    title={Opti{ML}: an implicitly parallel domain-specific language for machine learning},
    author={Sujeeth, Arvind and Lee, HyoukJoong and Brown, Kevin and Rompf, Tiark and Chafi, Hassan and Wu, Michael and Atreya, Anand and Odersky, Martin and Olukotun, Kunle},
    booktitle={Proceedings of the 28th International Conference on Machine Learning (ICML-11)},
    pages={609--616},
    year={2011}
}

@inproceedings{van2018tangent,
    title={Tangent: Automatic differentiation using source-code transformation for dynamically typed array programming},
    author={van Merri{\"e}nboer, Bart and Moldovan, Dan and Wiltschko, Alexander},
    booktitle={Advances in Neural Information Processing Systems},
    pages={6256--6265},
    year={2018}
}

@article{theano,
author    = {Rami Al{-}Rfou and
               Guillaume Alain and
               Amjad Almahairi and
               Christof Angerm{\"{u}}ller and
               Dzmitry Bahdanau and
               Nicolas Ballas and
               Fr{\'{e}}d{\'{e}}ric Bastien and
               Justin Bayer and
               Anatoly Belikov and
               Alexander Belopolsky and
               Yoshua Bengio and
               Arnaud Bergeron and
               James Bergstra and
               Valentin Bisson and
               Josh Bleecher Snyder and
               Nicolas Bouchard and
               Nicolas Boulanger{-}Lewandowski and
               Xavier Bouthillier and
               Alexandre de Br{\'{e}}bisson and
               Olivier Breuleux and
               Pierre Luc Carrier and
               Kyunghyun Cho and
               Jan Chorowski and
               Paul F. Christiano and
               Tim Cooijmans and
               Marc{-}Alexandre C{\^{o}}t{\'{e}} and
               Myriam C{\^{o}}t{\'{e}} and
               Aaron C. Courville and
               Yann N. Dauphin and
               Olivier Delalleau and
               Julien Demouth and
               Guillaume Desjardins and
               Sander Dieleman and
               Laurent Dinh and
               Melanie Ducoffe and
               Vincent Dumoulin and
               Samira Ebrahimi Kahou and
               Dumitru Erhan and
               Ziye Fan and
               Orhan Firat and
               Mathieu Germain and
               Xavier Glorot and
               Ian J. Goodfellow and
               Matthew Graham and
               {\c{C}}aglar G{\"{u}}l{\c{c}}ehre and
               Philippe Hamel and
               Iban Harlouchet and
               Jean{-}Philippe Heng and
               Bal{\'{a}}zs Hidasi and
               Sina Honari and
               Arjun Jain and
               S{\'{e}}bastien Jean and
               Kai Jia and
               Mikhail Korobov and
               Vivek Kulkarni and
               Alex Lamb and
               Pascal Lamblin and
               Eric Larsen and
               C{\'{e}}sar Laurent and
               Sean Lee and
               Simon Lefran{\c{c}}ois and
               Simon Lemieux and
               Nicholas L{\'{e}}onard and
               Zhouhan Lin and
               Jesse A. Livezey and
               Cory Lorenz and
               Jeremiah Lowin and
               Qianli Ma and
               Pierre{-}Antoine Manzagol and
               Olivier Mastropietro and
               Robert McGibbon and
               Roland Memisevic and
               Bart van Merri{\"{e}}nboer and
               Vincent Michalski and
               Mehdi Mirza and
               Alberto Orlandi and
               Christopher Joseph Pal and
               Razvan Pascanu and
               Mohammad Pezeshki and
               Colin Raffel and
               Daniel Renshaw and
               Matthew Rocklin and
               Adriana Romero and
               Markus Roth and
               Peter Sadowski and
               John Salvatier and
               Fran{\c{c}}ois Savard and
               Jan Schl{\"{u}}ter and
               John Schulman and
               Gabriel Schwartz and
               Iulian Vlad Serban and
               Dmitriy Serdyuk and
               Samira Shabanian and
               {\'{E}}tienne Simon and
               Sigurd Spieckermann and
               S. Ramana Subramanyam and
               Jakub Sygnowski and
               J{\'{e}}r{\'{e}}mie Tanguay and
               Gijs van Tulder and
               Joseph P. Turian and
               Sebastian Urban and
               Pascal Vincent and
               Francesco Visin and
               Harm de Vries and
               David Warde{-}Farley and
               Dustin J. Webb and
               Matthew Willson and
               Kelvin Xu and
               Lijun Xue and
               Li Yao and
               Saizheng Zhang and
               Ying Zhang},
title     = {Theano: {A} Python framework for fast computation of mathematical
               expressions},
journal   = {CoRR},
volume    = {abs/1605.02688},
year      = {2016},
url       = {http://arxiv.org/abs/1605.02688},
archivePrefix = {arXiv},
eprint    = {1605.02688},
timestamp = {Mon, 13 Aug 2018 16:45:58 +0200},
biburl    = {https://dblp.org/rec/bib/journals/corr/Al-RfouAAa16},
bibsource = {dblp computer science bibliography, https://dblp.org}
}

@techreport{collobert2002torch,
    title={Torch: a modular machine learning software library},
    author={Collobert, Ronan and Bengio, Samy and Mari{\'e}thoz, Johnny},
    year={2002},
    institution={Idiap}
}

@inproceedings{abadi2016tensorflow,
    title={Tensor{F}low: A system for large-scale machine learning},
    author={Abadi, Mart{\'\i}n and Barham, Paul and Chen, Jianmin and Chen, Zhifeng and Davis, Andy and Dean, Jeffrey and Devin, Matthieu and Ghemawat, Sanjay and Irving, Geoffrey and Isard, Michael and others},
    booktitle={12th $\{$USENIX$\}$ Symposium on Operating Systems Design and Implementation ($\{$OSDI$\}$ 16)},
    pages={265--283},
    year={2016}
}

@inproceedings{jia2014caffe,
    title={Caffe: Convolutional architecture for fast feature embedding},
    author={Jia, Yangqing and Shelhamer, Evan and Donahue, Jeff and Karayev, Sergey and Long, Jonathan and Girshick, Ross and Guadarrama, Sergio and Darrell, Trevor},
    booktitle={Proceedings of the 22nd ACM international conference on Multimedia},
    pages={675--678},
    year={2014},
    organization={ACM}
}

@inproceedings{paull2017duckietown,
    title={Duckietown: an open, inexpensive and flexible platform for autonomy education and research},
    author={Paull, Liam and Tani, Jacopo and Ahn, Heejin and Alonso-Mora, Javier and Carlone, Luca and Cap, Michal and Chen, Yu Fan and Choi, Changhyun and Dusek, Jeff and Fang, Yajun and others},
    booktitle={2017 IEEE International Conference on Robotics and Automation (ICRA)},
    pages={1497--1504},
    year={2017},
    organization={IEEE}
}

@article{wiener1960some,
    title={Some moral and technical consequences of automation},
    author={Wiener, Norbert},
    journal={Science},
    volume={131},
    number={3410},
    pages={1355--1358},
    year={1960},
    publisher={JSTOR}
}

@article{licklider1960man,
    title={Man-computer symbiosis},
    author={Licklider, Joseph Carl Robnett},
    journal={IRE transactions on human factors in electronics},
    number={1},
    pages={4--11},
    year={1960},
    publisher={IEEE}
}

@book{abelson1996structure,
    title={Structure and interpretation of computer programs},
    author={Abelson, Harold and Sussman, Gerald Jay and Sussman, Julie},
    year={1996},
    publisher={Justin Kelly}
}

@article{abate2012dependency,
    title={Dependency solving: a separate concern in component evolution management},
    author={Abate, Pietro and Di Cosmo, Roberto and Treinen, Ralf and Zacchiroli, Stefano},
    journal={Journal of Systems and Software},
    volume={85},
    number={10},
    pages={2228--2240},
    year={2012},
    publisher={Elsevier}
}

@inproceedings{canning1989f,
    title={F-bounded polymorphism for object-oriented programming},
    author={Canning, Peter and Cook, William and Hill, Walter and Olthoff, Walter and Mitchell, John C},
    booktitle={FPCA},
    volume={89},
    pages={273--280},
    year={1989}
}

@inproceedings{tate2013mixed,
    title={Mixed-site variance},
    author={Tate, Ross},
    year={2013},
    organization={FOOL}
}

@article{amin2016java,
    title={Java and {S}cala's type systems are unsound: the existential crisis of null pointers},
    author={Amin, Nada and Tate, Ross},
    journal={Acm Sigplan Notices},
    volume={51},
    number={10},
    pages={838--848},
    year={2016},
    publisher={ACM}
}

@techreport{kennedy1996programming,
    title={Programming languages and dimensions},
    author={Kennedy, Andrew John},
    year={1996},
    institution={University of Cambridge, Computer Laboratory}
}

@inproceedings{kennedy1994dimension,
    title={Dimension types},
    author={Kennedy, Andrew},
    booktitle={European Symposium on Programming},
    pages={348--362},
    year={1994},
    organization={Springer}
}

@inproceedings{st2012typing,
    title={Typing the numeric tower},
    author={St-Amour, Vincent and Tobin-Hochstadt, Sam and Flatt, Matthew and Felleisen, Matthias},
    booktitle={International Symposium on Practical Aspects of Declarative Languages},
    pages={289--303},
    year={2012},
    organization={Springer}
}

@article{developers2012apache,
    title={Apache commons math},
    author={Developers, Commons Math},
    journal={Forest Hill, MD, USA: The Apache Software Foundation},
    year={2012}
}

@article{niculescu2003design,
    title={A design proposal for an object oriented algebraic library},
    author={Niculescu, Virginia},
    journal={Studia Universitatis" Babes-Bolyai", Informatica},
    volume={48},
    number={1},
    pages={89--100},
    year={2003}
}

@article{niculescu2011using,
    title={ON USING GENERICS FOR IMPLEMENTING ALGEBRAIC STRUCTURES.},
    author={Niculescu, Virginia},
    journal={Studia Universitatis Babes-Bolyai, Informatica},
    volume={56},
    number={4},
    year={2011}
}

@article{sperber2009revised,
    title={Revised 6 report on the algorithmic language {S}cheme},
    author={Sperber, Michael and Dybvig, R Kent and Flatt, Matthew and Van Straaten, Anton and Findler, Robby and Matthews, Jacob},
    journal={Journal of Functional Programming},
    volume={19},
    number={S1},
    pages={1--301},
    year={2009},
    publisher={Cambridge University Press}
}

@inproceedings{isokawa2003quaternion,
    title={Quaternion neural network and its application},
    author={Isokawa, Teijiro and Kusakabe, Tomoaki and Matsui, Nobuyuki and Peper, Ferdinand},
    booktitle={International Conference on Knowledge-Based and Intelligent Information and Engineering Systems},
    pages={318--324},
    year={2003},
    organization={Springer}
}

@inproceedings{bousmalis2018using,
    title={Using simulation and domain adaptation to improve efficiency of deep robotic grasping},
    author={Bousmalis, Konstantinos and Irpan, Alex and Wohlhart, Paul and Bai, Yunfei and Kelcey, Matthew and Kalakrishnan, Mrinal and Downs, Laura and Ibarz, Julian and Pastor, Peter and Konolige, Kurt and others},
    booktitle={2018 IEEE International Conference on Robotics and Automation (ICRA)},
    pages={4243--4250},
    year={2018},
    organization={IEEE}
}

@inproceedings{cosentino2015assessing,
    title={Assessing the bus factor of {G}it repositories},
    author={Cosentino, Valerio and Izquierdo, Javier Luis C{\'a}novas and Cabot, Jordi},
    booktitle={2015 IEEE 22nd International Conference on Software Analysis, Evolution, and Reengineering (SANER)},
    pages={499--503},
    year={2015},
    organization={IEEE}
}

@inproceedings{voelter2014towards,
    title={Towards user-friendly projectional editors},
    author={Voelter, Markus and Siegmund, Janet and Berger, Thorsten and Kolb, Bernd},
    booktitle={International Conference on Software Language Engineering},
    pages={41--61},
    year={2014},
    organization={Springer}
}

@inproceedings{goldfarb1981generalized,
    title={A generalized approach to document markup},
    author={Goldfarb, Charles F},
    booktitle={ACM Sigplan Notices},
    volume={16},
    number={6},
    pages={68--73},
    year={1981},
    organization={Citeseer}
}

@inproceedings{hellendoorn2018deep,
    title={Deep learning type inference},
    author={Hellendoorn, Vincent J and Bird, Christian and Barr, Earl T and Allamanis, Miltiadis},
    booktitle={Proceedings of the 2018 26th ACM Joint Meeting on European Software Engineering Conference and Symposium on the Foundations of Software Engineering},
    pages={152--162},
    year={2018},
    organization={ACM}
}

@article{wu2018training,
    title={Training and inference with integers in deep neural networks},
    author={Wu, Shuang and Li, Guoqi and Chen, Feng and Shi, Luping},
    journal={arXiv preprint arXiv:1802.04680},
    year={2018}
}

@inproceedings{wang2018training,
    title={Training deep neural networks with 8-bit floating point numbers},
    author={Wang, Naigang and Choi, Jungwook and Brand, Daniel and Chen, Chia-Yu and Gopalakrishnan, Kailash},
    booktitle={Advances in neural information processing systems},
    pages={7675--7684},
    year={2018}
}

@inproceedings{jacob2018quantization,
    title={Quantization and training of neural networks for efficient integer-arithmetic-only inference},
    author={Jacob, Benoit and Kligys, Skirmantas and Chen, Bo and Zhu, Menglong and Tang, Matthew and Howard, Andrew and Adam, Hartwig and Kalenichenko, Dmitry},
    booktitle={Proceedings of the IEEE Conference on Computer Vision and Pattern Recognition},
    pages={2704--2713},
    year={2018}
}

@inproceedings{lowd2005adversarial,
    title={Adversarial learning},
    author={Lowd, Daniel and Meek, Christopher},
    booktitle={Proceedings of the eleventh ACM SIGKDD international conference on Knowledge discovery in data mining},
    pages={641--647},
    year={2005},
    organization={ACM}
}

@article{werbos1990backpropagation,
    title={Backpropagation through time: what it does and how to do it},
    author={Werbos, Paul J and others},
    journal={Proceedings of the IEEE},
    volume={78},
    number={10},
    pages={1550--1560},
    year={1990}
}

@article{bengio1994learning,
    title={Learning long-term dependencies with gradient descent is difficult},
    author={Bengio, Yoshua and Simard, Patrice and Frasconi, Paolo and others},
    journal={IEEE transactions on neural networks},
    volume={5},
    number={2},
    pages={157--166},
    year={1994}
}

@article{rumelhart1988learning,
    title={Learning representations by back-propagating errors},
    author={Rumelhart, David E and Hinton, Geoffrey E and Williams, Ronald J and others},
    journal={Cognitive modeling},
    volume={5},
    number={3},
    pages={1},
    year={1988}
}

@book{ivakhnenko1965cybernetic,
title={Cybernetic predicting devices},
author={Ivakhnenko, Alekse{\u\i} Grigorevich and Lapa, Valentin Grigor{\'e}vich},
year={1965},
publisher={CCM Information Corporation}
}

@article{rosenblatt1958perceptron,
    title={The {P}erceptron: a probabilistic model for information storage and organization in the brain.},
    author={Rosenblatt, Frank},
    journal={Psychological review},
    volume={65},
    number={6},
    pages={386},
    year={1958},
    publisher={American Psychological Association}
}


@article{lecun2015deep,
    title={Deep {L}earning},
    author={LeCun, Yann and Bengio, Yoshua and Hinton, Geoffrey},
    journal={nature},
    volume={521},
    number={7553},
    pages={436},
    year={2015},
    publisher={Nature Publishing Group}
}

@article{paszke2017automatic,
    title={Automatic differentiation in pytorch},
    author={Paszke, Adam and Gross, Sam and Chintala, Soumith and Chanan, Gregory and Yang, Edward and DeVito, Zachary and Lin, Zeming and Desmaison, Alban and Antiga, Luca and Lerer, Adam},
    year={2017}
}

@article{linnainmaa1970representation,
    title={The representation of the cumulative rounding error of an algorithm as a Taylor expansion of the local rounding errors},
    author={Linnainmaa, Seppo},
    journal={Master's Thesis (in Finnish), Univ. Helsinki},
    pages={6--7},
    year={1970}
}

@article{griewank1989automatic,
    title={On automatic differentiation},
    author={Griewank, Andreas and others},
    journal={Mathematical Programming: recent developments and applications},
    volume={6},
    number={6},
    pages={83--107},
    year={1989},
    publisher={Amsterdam}
}

@incollection{griewank1993some,
    title={Some bounds on the complexity of gradients, {J}acobians, and {H}essians},
    author={Griewank, Andreas},
    booktitle={Complexity in numerical optimization},
    pages={128--162},
    year={1993},
    publisher={World Scientific}
}

@book{church1985calculi,
    title={The calculi of lambda-conversion},
    author={Church, Alonzo},
    year={1941},
    publisher={Princeton University Press}
}

@article{laue2019equivalence,
    title={On the Equivalence of Forward Mode Automatic Differentiation and Symbolic Differentiation},
    author={Laue, Soeren},
    journal={arXiv preprint arXiv:1904.02990},
    year={2019}
}

@article{dumoulin2016guide,
    title={A guide to convolution arithmetic for deep learning},
    author={Dumoulin, Vincent and Visin, Francesco},
    journal={arXiv preprint arXiv:1603.07285},
    year={2016}
}

@article{kiselyov2005number,
    title={Number-parameterized types},
    author={Kiselyov, Oleg},
    journal={The Monad. Reader},
    volume={5},
    pages={73--118},
    year={2005},
    publisher={Citeseer}
}

@article{wengert1964simple,
    title={A simple automatic derivative evaluation program},
    author={Wengert, Robert Edwin},
    journal={Communications of the ACM},
    volume={7},
    number={8},
    pages={463--464},
    year={1964},
    publisher={ACM}
}

@article{linnainmaa1976taylor,
    title={Taylor expansion of the accumulated rounding error},
    author={Linnainmaa, Seppo},
    journal={BIT Numerical Mathematics},
    volume={16},
    number={2},
    pages={146--160},
    year={1976},
    publisher={Springer}
}

@misc{Hypothesis,
    title = {{H}ypothesis},
    author = {David R. MacIver},
    year = {2018},
    url = "https://github.com/HypothesisWorks/hypothesis"
}

@misc{kotlintest,
    title = {{K}otlin{T}est},
    author = {Stephen Samuel and Leonardo Colman Lopes},
    year = {2018},
    url = "https://github.com/kotlintest/kotlintest"
}

@article{claessen2011quickcheck,
    title={{Q}uick{C}heck: a lightweight tool for random testing of {H}askell programs},
    author={Claessen, Koen and Hughes, John},
    journal={Acm sigplan notices},
    volume={46},
    number={4},
    pages={53--64},
    year={2011},
    publisher={ACM}
}

@inproceedings{torch,
    title = {Torch7: A {M}atlab-like Environment for Machine Learning},
    author = {R. Collobert and K. Kavukcuoglu and C. Farabet},
    booktitle = {BigLearn, NIPS Workshop},
    year = {2011}
}

@inproceedings{bergstra2010theano,
    title={Theano: a {CPU} and {GPU} math expression compiler},
    author={Bergstra, James and Breuleux, Olivier and Bastien, Fr{\'e}d{\'e}ric and Lamblin, Pascal and Pascanu, Razvan and Desjardins, Guillaume and Turian, Joseph and Warde-Farley, David and Bengio, Yoshua},
    booktitle={Proceedings of the Python for scientific computing conference (SciPy)},
    volume={4},
    number={3},
    year={2010},
    organization={Austin, TX}
}

@article{dreyfus1990artificial,
    title={Artificial neural networks, back propagation, and the {K}elley-{B}ryson gradient procedure},
    author={Dreyfus, Stuart E},
    journal={Journal of guidance, control, and dynamics},
    volume={13},
    number={5},
    pages={926--928},
    year={1990}
}

@article{bellman1965wengert,
    title={Wengert's numerical method for partial derivatives, orbit determination and quasilinearization},
    author={Bellman, Richard Ernest and Kagiwada, Ho and Kalaba, Robert E},
    journal={Communications of the ACM},
    volume={8},
    number={4},
    pages={231--232},
    year={1965},
    publisher={ACM}
}

@techreport{chen1998metamorphic,
    title={Metamorphic testing: a new approach for generating next test cases},
    author={Chen, Tsong Y and Cheung, Shing C and Yiu, Shiu Ming},
    year={1998},
    institution={Technical Report HKUST-CS98-01, Department of Computer Science, Hong Kong~…}
}

@book{backus2007can,
    title={Can programming be liberated from the von {N}eumann style?: a functional style and its algebra of programs},
    author={Backus, John},
    year={2007},
    publisher={ACM}
}

@article{rink2018modeling,
    title={Modeling of languages for tensor manipulation},
    author={Rink, Norman A},
    journal={arXiv preprint arXiv:1801.08771},
    year={2018}
}

@article{godel1931formal,
    title={{\"U}ber formal unentscheidbare S{\"a}tze der Principia Mathematica und verwandter Systeme I},
    author={G{\"o}del, Kurt},
    journal={Monatshefte f{\"u}r mathematik und physik},
    volume={38},
    number={1},
    pages={173--198},
    year={1931},
    publisher={Springer}
}

@inproceedings{susungi2018meta,
    title={Meta-programming for cross-domain tensor optimizations},
    author={Susungi, Adilla and Rink, Norman A and Cohen, Albert and Castrillon, Jeronimo and Tadonki, Claude},
    booktitle={Proceedings of the 17th ACM SIGPLAN International Conference on Generative Programming: Concepts and Experiences},
    pages={79--92},
    year={2018},
    organization={ACM}
}

@techreport{jay1996shape,
    title={Shape checking of array programs},
    author={Jay, C Barry and Sekanina, Milan},
    institution={Citeseer}
}

@inproceedings{hangal2009automatic,
    title={Automatic dimension inference and checking for object-oriented programs},
    author={Hangal, Sudheendra and Lam, Monica S},
    booktitle={2009 IEEE 31st International Conference on Software Engineering},
    pages={155--165},
    year={2009},
    organization={IEEE}
}

@inproceedings{rittri1995dimension,
    title={Dimension inference under polymorphic recursion},
    author={Rittri, Mikael},
    organization={Citeseer}
}

@inproceedings{griffioen2015type,
    title={Type inference for array programming with dimensioned vector spaces},
    author={Griffioen, PR},
    booktitle={Proceedings of the 27th Symposium on the Implementation and Application of Functional Programming Languages},
    pages={4},
    year={2015},
    organization={ACM}
}

@article{kiselyov2010fun,
    title={Fun with type functions (version 3)},
    author={Kiselyov, Oleg and Peyton Jones, S and Shan, Chung-chieh},
    journal={Tony Hoare’s 75th birthday celebration},
    year={2010},
    publisher={Citeseer}
}

@article{zenger1997indexed,
    title={Indexed types},
    author={Zenger, Christoph},
    journal={Theoretical computer science},
    volume={187},
    number={1-2},
    pages={147--165},
    year={1997},
    publisher={Elsevier}
}

@inproceedings{xi1998eliminating,
    title={Eliminating array bound checking through dependent types},
    author={Xi, Hongwei and Pfenning, Frank},
    booktitle={ACM SIGPLAN Notices},
    volume={33},
    number={5},
    pages={249--257},
    year={1998},
    organization={ACM}
}

@article{hirschfeld2008context,
    title={Context-oriented programming},
    author={Hirschfeld, Robert and Costanza, Pascal and Nierstrasz, Oscar Marius},
    journal={Journal of Object technology},
    volume={7},
    number={3},
    pages={125--151},
    year={2008},
    publisher={AITO}
}

@article{dijkstra1972humble,
    title={The humble programmer},
    author={Dijkstra, Edsger W},
    journal={Commun. ACM},
    volume={15},
    number={10},
    pages={859--866},
    year={1972}
}

@article{knutherrors,
    title={The errors of {T}e{X}. Software--Practice and Experience},
    author={Knuth, DE},
    journal={Literate Programming; CSLI Lecture Notes},
    number={27},
    pages={607--681},
    year = {1989}
}

@inproceedings{zaytsev2017parsing,
    title={Parsing \@ {IDE}},
    author={Zaytsev, Vadim and Proposal, Position Presentation},
    journal={In Pre-proceedings of the Fifth Annual Workshop on Parsing Programming Languages},
    year={2017}
}

@phdthesis{wagner1997practical,
    title={Practical algorithms for incremental software development environments},
    author={Wagner, Tim A},
    year={1997},
    school={Citeseer}
}

@inproceedings{wagner1997incremental,
    title={Incremental analysis of real programming languages},
    author={Wagner, Tim A and Graham, Susan L},
    booktitle={ACM SIGPLAN Notices},
    volume={32},
    number={5},
    pages={31--43},
    year={1997},
    organization={ACM}
}

@techreport{harper1994incremental,
    title={Incremental recompilation for standard ml of new jersey},
    author={Harper, Robert and Pfenning, Frank and Lee, Peter and Rollins, Eugene},
    year={1994},
    institution={CARNEGIE-MELLON UNIV PITTSBURGH PA DEPT OF COMPUTER SCIENCE}
}

@article{koppler1997systematic,
    title={A systematic approach to fuzzy parsing},
    author={Koppler, Rainer},
    journal={Software: Practice and Experience},
    volume={27},
    number={6},
    pages={637--649},
    year={1997},
    publisher={Wiley Online Library}
}

@inproceedings{makwana2018numlin,
    title={{N}um{L}in: {L}inear {T}ypes for {L}inear {A}lgebra},
    author={Makwana, Dhruv and Krishnaswami, Neelakantan},
    booktitle={32th European Conference on Object-Oriented Programming (ECOOP 2018)},
    year={2018}
}

@article{petersen2008matrix,
    title={The {M}atrix {C}ookbook},
    author={Petersen, Kaare Brandt and others}
}

@misc{braun2011jblas,
    title={j{B}las: Linear algebra for {J}ava},
    author={Braun, Mikio L and Schaback, Johannes and Jugel, Matthias L and Oury, Nicolas and others},
    year={2011}
}

@misc{abeles2010efficient,
    title={Efficient java matrix library},
    author={Abeles, Peter},
    year={2010}
}

@article{team2016nd4j,
    title={{ND4J}: Fast, Scientific and Numerical Computing for the {JVM}},
    author={Eclipse Deeplearning4j Development Team},
    journal={Apache Software Foundation License 2.0},
    year={2016},
    url = {https://github.com/eclipse/deeplearning4j},
}

@inproceedings{cai2014theory,
    title={A theory of changes for higher-order languages: Incrementalizing $\lambda$-calculi by static differentiation},
    author={Cai, Yufei and Giarrusso, Paolo G and Rendel, Tillmann and Ostermann, Klaus},
    booktitle={ACM SIGPLAN Notices},
    volume={49},
    number={6},
    pages={145--155},
    year={2014},
    organization={ACM}
}

@article{kelly2016evolving,
    title={Evolving the Incremental $\lambda$ Calculus into a Model of Forward Automatic Differentiation},
    author={Kelly, Robert and Pearlmutter, Barak A and Siskind, Jeffrey Mark},
    journal={arXiv preprint arXiv:1611.03429},
    year={2016}
}

@article{ehrhard2003differential,
    title={The differential lambda-calculus},
    author={Ehrhard, Thomas and Regnier, Laurent},
    journal={Theoretical Computer Science},
    volume={309},
    number={1-3},
    pages={1--41},
    year={2003},
    publisher={Elsevier}
}

@article{chen2012type,
    title={Type-directed automatic incrementalization},
    author={Chen, Yan and Dunfield, Joshua and Acar, Umut A},
    journal={ACM SIGPLAN Notices},
    volume={47},
    number={6},
    pages={299--310},
    year={2012},
    publisher={ACM}
}

@article{zhou2019metamorphic,
    title={Metamorphic testing of driverless cars},
    author={Zhou, Zhi Quan and Sun, Liqun},
    journal={Communications of the ACM},
    volume={62},
    number={3},
    pages={61--67},
    year={2019},
    publisher={ACM}
}

@inproceedings{pei2017deepxplore,
    title={Deep{X}plore: Automated whitebox testing of deep learning systems},
    author={Pei, Kexin and Cao, Yinzhi and Yang, Junfeng and Jana, Suman},
    booktitle={proceedings of the 26th Symposium on Operating Systems Principles},
    pages={1--18},
    year={2017},
    organization={ACM}
}

@inproceedings{tian2018deeptest,
    title={Deep{T}est: Automated testing of deep-neural-network-driven autonomous cars},
    author={Tian, Yuchi and Pei, Kexin and Jana, Suman and Ray, Baishakhi},
    booktitle={Proceedings of the 40th international conference on software engineering},
    pages={303--314},
    year={2018},
    organization={ACM}
}

@article{odena2018tensorfuzz,
    title={Tensor{F}uzz: Debugging neural networks with coverage-guided fuzzing},
    author={Odena, Augustus and Goodfellow, Ian},
    journal={arXiv preprint arXiv:1807.10875},
    year={2018}
}

@article{du2018deepcruiser,
    title={Deepcruiser: Automated guided testing for stateful deep learning systems},
    author={Du, Xiaoning and Xie, Xiaofei and Li, Yi and Ma, Lei and Zhao, Jianjun and Liu, Yang},
    journal={arXiv preprint arXiv:1812.05339},
    year={2018}
}

@article{chen2018metamorphic,
    title={Metamorphic testing: A review of challenges and opportunities},
    author={Chen, Tsong Yueh and Kuo, Fei-Ching and Liu, Huai and Poon, Pak-Lok and Towey, Dave and Tse, TH and Zhou, Zhi Quan},
    journal={ACM Computing Surveys (CSUR)},
    volume={51},
    number={1},
    pages={4},
    year={2018},
    publisher={ACM}
}

@article{aido2018,
    title={The {AI} Driving Olympics at {N}eur{IPS} 2018},
    author={Zilly, Julian and Tani, Jacopo and Considine, Breandan and Mehta, Bhairav and Daniele, Andrea F and Diaz, Manfred and Bernasconi, Gianmarco and Ruch, Claudio and Hakenberg, Jan and Golemo, Florian and others},
    journal={arXiv preprint arXiv:1903.02503},
    year={2019}
}

@misc{mlir,
    title	= {{MLIR} Primer: A Compiler Infrastructure for the End of Moore’s Law},
    author	= {Chris Lattner and Jacques Pienaar},
    year	= {2019},
    url = {https://ai.google/research/pubs/pub48035},
}

@misc{bai2019,
    author = {Bai, Junjie and Lu, Fang and Zhang, Ke and others},
    title = {{ONNX}: Open Neural Network Exchange},
    year = {2019},
    publisher = {GitHub},
    journal = {GitHub repository},
    url = "https://github.com/onnx/onnx",
    commit = {94d238d96e3fb3a7ba34f03c284b9ad3516163be}
}

@article{rotem2018glow,
    title={Glow: Graph lowering compiler techniques for neural networks},
    author={Rotem, Nadav and Fix, Jordan and Abdulrasool, Saleem and Catron, Garret and Deng, Summer and Dzhabarov, Roman and Gibson, Nick and Hegeman, James and Lele, Meghan and Levenstein, Roman and others},
    journal={arXiv preprint arXiv:1805.00907},
    year={2018}
}

@article{cyphers2018intel,
    title={Intel n{G}raph: An intermediate representation, compiler, and executor for deep learning},
    author={Cyphers, Scott and Bansal, Arjun K and Bhiwandiwalla, Anahita and Bobba, Jayaram and Brookhart, Matthew and Chakraborty, Avijit and Constable, Will and Convey, Christian and Cook, Leona and Kanawi, Omar and others},
    journal={arXiv preprint arXiv:1801.08058},
    year={2018}
}

@inproceedings{tvm2018,
    author = {Tianqi Chen and Thierry Moreau and Ziheng Jiang and Lianmin Zheng and Eddie Yan and Haichen Shen and Meghan Cowan and Leyuan Wang and Yuwei Hu and Luis Ceze and Carlos Guestrin and Arvind Krishnamurthy},
    title = {{TVM}: An Automated End-to-End Optimizing Compiler for Deep Learning},
    booktitle = {13th {USENIX} Symposium on Operating Systems Design and Implementation ({OSDI} 18)},
    year = {2018},
    isbn = {978-1-931971-47-8},
    address = {Carlsbad, CA},
    pages = {578--594},
    url = {https://www.usenix.org/conference/osdi18/presentation/chen},
    publisher = {{USENIX} Association},
}

@article{voelter2010language,
    title={Language modularization and composition with projectional language workbenches illustrated with {MPS}},
    author={Voelter, Markus and Solomatov, Konstantin},
    journal={Software Language Engineering, SLE},
    volume={16},
    number={3},
    year={2010}
}

@article{siskind2008nesting,
    title={Nesting forward-mode AD in a functional framework},
    author={Siskind, Jeffrey Mark and Pearlmutter, Barak A},
    journal={Higher-Order and Symbolic Computation},
    volume={21},
    number={4},
    pages={361--376},
    year={2008},
    publisher={Springer}
}

@inproceedings{elliott2009beautiful,
    title={Beautiful differentiation},
    author={Elliott, Conal M},
    booktitle={ACM Sigplan Notices},
    volume={44},
    number={9},
    pages={191--202},
    year={2009},
    organization={ACM}
}